<record xmlns="http://www.loc.gov/MARC21/slim" xmlns:xsi="http://www.w3.org/2001/XMLSchema-instance" xsi:schemaLocation="http://www.loc.gov/MARC21/slim http://www.loc.gov/standards/marcxml/schema/MARC21slim.xsd"><leader>02406nam a2200409   4500</leader><controlfield tag="001">1662518</controlfield><controlfield tag="003">NIC</controlfield><controlfield tag="006">m        d        </controlfield><controlfield tag="007">cr cn |||m|||a</controlfield><controlfield tag="008">150113s1921    ua      o     000 0 ara d</controlfield><datafield ind1=" " ind2=" " tag="040"><subfield code="a">NNU</subfield><subfield code="b">eng</subfield><subfield code="e">rda</subfield><subfield code="c">NNU</subfield></datafield><datafield ind1="1" ind2=" " tag="100"><subfield code="6">880-01</subfield><subfield code="a">H&#803;us&#803;ari&#772;, Ibra&#772;hi&#772;m ibn &#699;Ali&#772;,</subfield><subfield code="d">-1022.</subfield></datafield><datafield ind1="1" ind2="0" tag="240"><subfield code="6">880-02</subfield><subfield code="a">Ya&#772; layl al-s&#803;abb</subfield></datafield><datafield ind1="1" ind2="0" tag="245"><subfield code="6">880-03</subfield><subfield code="a">Mu&#699;a&#772;rad&#803;a&#772;t qas&#803;i&#772;dat "Ya&#772; layl al-s&#803;abb" lil-H&#803;us&#803;ari&#772; al-Qayrawa&#772;ni&#772; ; jama&#699;aha&#772; &#699;Isa&#769; Iskandar al-Ma&#699;lu&#772;f al-Lubna&#772;ni&#772;.</subfield></datafield><datafield ind1=" " ind2=" " tag="260"><subfield code="6">880-04</subfield><subfield code="a">[Cairo] :</subfield><subfield code="b">[publisher not identified]</subfield><subfield code="e">(al-Qa&#772;hirah :</subfield><subfield code="f">Mat&#803;ba&#699;at al-Hila&#772;l,</subfield><subfield code="c">1921)</subfield></datafield><datafield ind1=" " ind2=" " tag="300"><subfield code="a">online resource (37 pages)</subfield></datafield><datafield ind1=" " ind2=" " tag="336"><subfield code="a">text</subfield><subfield code="2">rdacontent</subfield></datafield><datafield ind1=" " ind2=" " tag="337"><subfield code="a">computer</subfield><subfield code="2">rdamedia</subfield></datafield><datafield ind1=" " ind2=" " tag="338"><subfield code="a">online resource</subfield><subfield code="2">rdacarrier</subfield></datafield><datafield ind1=" " ind2=" " tag="500"><subfield code="a">Part of the Arabic Collections Online (ACO) project, contributed by Cornell University Libraries.</subfield></datafield><datafield ind1=" " ind2=" " tag="533"><subfield code="a">Electronic reproduction.</subfield><subfield code="b">New York, N.Y. :</subfield><subfield code="c">New York University,</subfield><subfield code="d">2015.</subfield><subfield code="5">NNU</subfield></datafield><datafield ind1=" " ind2="0" tag="650"><subfield code="a">Memesis in literature.</subfield></datafield><datafield ind1=" " ind2="0" tag="650"><subfield code="a">Love poetry, Arabic.</subfield></datafield><datafield ind1=" " ind2="0" tag="650"><subfield code="a">Ghazal.</subfield></datafield><datafield ind1="1" ind2=" " tag="700"><subfield code="6">880-05</subfield><subfield code="a">Iskandar, &#699;Isa&#769;.</subfield></datafield><datafield ind1="2" ind2=" " tag="710"><subfield code="a">Cornell University.</subfield><subfield code="b">Libraries.</subfield></datafield><datafield ind1="0" ind2=" " tag="730"><subfield code="a">Arabic Collections Online.</subfield></datafield><datafield ind1="0" ind2="8" tag="776"><subfield code="i">Online version:</subfield><subfield code="a">H&#803;us&#803;ari&#772;, Ibra&#772;hi&#772;m ibn &#699;Ali&#772;, -1022.</subfield><subfield code="s">Ya&#772; layl al-s&#803;abb.</subfield><subfield code="t">Mu&#699;a&#772;rad&#803;a&#772;t qas&#803;i&#772;dat "Ya&#772; layl al-s&#803;abb" lil-H&#803;us&#803;ari&#772; al-Qayrawa&#772;ni&#772; ; jama&#699;aha&#772; &#699;Isa&#769; Iskandar al-Ma&#699;lu&#772;f al-Lubna&#772;ni&#772;.</subfield><subfield code="d">[Cairo : s.n.] (al-Qa&#772;hirah : Mat&#803;ba&#699;at al-Hila&#772;l, 1921)</subfield><subfield code="w">(OCoLC)852771716</subfield></datafield><datafield ind1="0" ind2="8" tag="776"><subfield code="i">Print version:</subfield><subfield code="a">H&#803;us&#803;ari&#772;, Ibra&#772;hi&#772;m ibn &#699;Ali&#772;, -1022.</subfield><subfield code="t">Mu&#699;a&#772;rad&#803;a&#772;t qas&#803;i&#772;dat "Ya&#772; layl al-s&#803;abb" lil-H&#803;us&#803;ari&#772; al-Qayrawa&#772;ni&#772; ; jama&#699;aha&#772; &#699;Isa&#769; Iskandar al-Ma&#699;lu&#772;f al-Lubna&#772;ni&#772;</subfield><subfield code="w">(NIC)1662518</subfield><subfield code="w">(OCoLC)63977410</subfield></datafield><datafield ind1="4" ind2="0" tag="856"><subfield code="u">http://hdl.handle.net/2333.1/5mkkwkfn</subfield></datafield><datafield ind1="1" ind2=" " tag="880"><subfield code="6">100-01/r</subfield><subfield code="a">&#1581;&#1589;&#1585;&#1610;&#1548; &#1575;&#1576;&#1585;&#1575;&#1607;&#1610;&#1605; &#1576;&#1606; &#1593;&#1604;&#1610;&#1548;</subfield><subfield code="d">-1022.</subfield></datafield><datafield ind1="1" ind2="0" tag="880"><subfield code="6">240-02/r</subfield><subfield code="a">&#1610;&#1575; &#1604;&#1610;&#1604; &#1575;&#1604;&#1589;&#1576;</subfield></datafield><datafield ind1="1" ind2="0" tag="880"><subfield code="6">245-03/r</subfield><subfield code="a">&#1605;&#1593;&#1575;&#1585;&#1590;&#1575;&#1578; &#1602;&#1589;&#1610;&#1583;&#1577; "&#1610;&#1575; &#1604;&#1610;&#1604; &#1575;&#1604;&#1589;&#1576;" &#1604;&#1604;&#1581;&#1589;&#1585;&#1610; &#1575;&#1604;&#1602;&#1610;&#1585;&#1608;&#1575;&#1606;&#1610; &#1563; &#1580;&#1605;&#1593;&#1607;&#1575; &#1593;&#1610;&#1587;&#1609; &#1575;&#1587;&#1603;&#1606;&#1583;&#1585; &#1575;&#1604;&#1605;&#1593;&#1604;&#1608;&#1601; &#1575;&#1604;&#1604;&#1576;&#1606;&#1575;&#1606;&#1610;.</subfield></datafield><datafield ind1=" " ind2=" " tag="880"><subfield code="6">260-04/r</subfield><subfield code="a">[Cairo] :</subfield><subfield code="b">[publisher not identified] </subfield><subfield code="e">(&#1575;&#1604;&#1602;&#1575;&#1607;&#1585;&#1577; :</subfield><subfield code="f">&#1605;&#1591;&#1576;&#1593;&#1577; &#1575;&#1604;&#1607;&#1604;&#1575;&#1604;&#1548;</subfield><subfield code="c">1921)</subfield></datafield><datafield ind1="1" ind2=" " tag="880"><subfield code="6">700-05/r</subfield><subfield code="a">&#1575;&#1587;&#1603;&#1606;&#1583;&#1585;&#1548; &#1593;&#1610;&#1587;&#1609;.</subfield></datafield><datafield ind1=" " ind2=" " tag="959"><subfield code="a">NNU</subfield><subfield code="b">WEB</subfield><subfield code="c">GENI</subfield><subfield code="t">0</subfield><subfield code="m">Electronic access</subfield><subfield code="s">01</subfield></datafield><datafield ind1=" " ind2=" " tag="999"><subfield code="i">NIC_1662518</subfield><subfield code="o">(OCoLC)ocm63977410</subfield></datafield></record>